@book{mickiewicz1992dziady,
	title={Dziady cz. II},
	author={Mickiewicz, A.},
	isbn={83-0702040-9},
	url={http://books.google.com/books?id=W-xMPgAACAAJ},
	year={1992},
	publisher={San Val}
}
@book{parandowski1989mitologia ,
	title={Mitologia. Wierzenia i podania Grek√≥w i Rzymian},
	author={Parandowski, J.},
	isbn={83-0462040-9},
	url={http://books.google.com/books?id=W-xMPgAACAAJ},
	year={1989},
	publisher={Superpress}
}